<record><leader>00000cas a22000007a 4500</leader><controlfield tag="001">9769391</controlfield><controlfield tag="008">830802d19151921nyuwr ne      0    0syrod</controlfield><datafield ind1=" " ind2=" " tag="010"><subfield code="a">sn 83045607 </subfield></datafield><datafield ind1=" " ind2=" " tag="040"><subfield code="a">CRL</subfield><subfield code="b">eng</subfield><subfield code="c">CRL</subfield><subfield code="d">NPW</subfield><subfield code="d">CRL</subfield><subfield code="d">OCLCQ</subfield></datafield><datafield ind1="0" ind2=" " tag="041"><subfield code="a">syreng</subfield></datafield><datafield ind1=" " ind2=" " tag="042"><subfield code="a">msc</subfield></datafield><datafield ind1="0" ind2="0" tag="245"><subfield code="a">Izgadda&#772; =</subfield><subfield code="b">Persian American courier.</subfield></datafield><datafield ind1="3" ind2="1" tag="246"><subfield code="a">Persian American courier</subfield></datafield><datafield ind1="1" ind2="3" tag="246"><subfield code="a">Assyrian American courier</subfield><subfield code="f">Apr. 16, 1919-June 1920?</subfield></datafield><datafield ind1=" " ind2=" " tag="260"><subfield code="a">New York City :</subfield><subfield code="b">J.E. Werda</subfield></datafield><datafield ind1=" " ind2=" " tag="300"><subfield code="a">v.</subfield></datafield><datafield ind1=" " ind2=" " tag="310"><subfield code="a">Weekly</subfield></datafield><datafield ind1="1" ind2=" " tag="362"><subfield code="a">Published 1915-1921?</subfield><subfield code="z">Cf. Gregory, Amer. newspapers.</subfield></datafield><datafield ind1=" " ind2=" " tag="500"><subfield code="a">Editor: Joel E. Werda.</subfield></datafield><datafield ind1=" " ind2=" " tag="546"><subfield code="a">Text in Syriac and English.</subfield></datafield><datafield ind1=" " ind2=" " tag="588"><subfield code="a">Description based on: Vol. 2, no. 49 (Sept. 12, 1917).</subfield></datafield><datafield ind1="1" ind2=" " tag="700"><subfield code="a">Werda, Joel E.</subfield><subfield code="q">(Joel Euel),</subfield><subfield code="d">1892-</subfield></datafield><datafield ind1=" " ind2=" " tag="752"><subfield code="a">United States</subfield><subfield code="b">New York</subfield><subfield code="c">New York</subfield><subfield code="d">New York.</subfield></datafield><datafield ind1="1" ind2=" " tag="029"><subfield code="a">AU@</subfield><subfield code="b">000025816169</subfield></datafield></record>